<?xml version="1.0" encoding="UTF-8"?><record xmlns="http://www.loc.gov/MARC21/slim" xmlns:cinclude="http://apache.org/cocoon/include/1.0" xmlns:zs="http://www.loc.gov/zing/srw/">
  <leader>00393nz  a2200133n  4500</leader>
  <controlfield tag="001">n 2012072567</controlfield>
  <controlfield tag="003">DLC</controlfield>
  <controlfield tag="005">20121120075049.0</controlfield>
  <controlfield tag="008">121119n| acannaabn          |a aaa      </controlfield>
  <datafield tag="010" ind1=" " ind2=" ">
    <subfield code="a">n 2012072567</subfield>
  </datafield>
  <datafield tag="040" ind1=" " ind2=" ">
    <subfield code="a">DLC</subfield>
    <subfield code="b">eng</subfield>
    <subfield code="c">DLC</subfield>
  </datafield>
  <datafield tag="100" ind1="1" ind2=" ">
    <subfield code="a">Aristiza패bal Diazgranados, Edith</subfield>
  </datafield>
  <datafield tag="400" ind1="1" ind2=" ">
    <subfield code="a">Diazgranados, Edith Aristiza패bal</subfield>
  </datafield>
  <datafield tag="670" ind1=" " ind2=" ">
    <subfield code="a">Psicologi패a forense, 2011:</subfield>
    <subfield code="b">t.p. (Edith Aristiza패bal Diazgranados)</subfield>
  </datafield>
</record>